<record><leader>00000cas a2200000 a 4500</leader><controlfield tag="001">20515775</controlfield><controlfield tag="008">891020d1792179umduwr ne      0    0eng c</controlfield><datafield ind1=" " ind2=" " tag="010"><subfield code="a">sn 89060217 </subfield></datafield><datafield ind1=" " ind2=" " tag="040"><subfield code="a">MFN</subfield><subfield code="b">eng</subfield><subfield code="c">MFN</subfield><subfield code="d">NYS</subfield><subfield code="d">BUF</subfield><subfield code="d">DLC</subfield><subfield code="d">OCLCQ</subfield><subfield code="d">OCLCF</subfield></datafield><datafield ind1="1" ind2=" " tag="029"><subfield code="a">AU@</subfield><subfield code="b">000020583508</subfield></datafield><datafield ind1=" " ind2=" " tag="042"><subfield code="a">pcc</subfield></datafield><datafield ind1=" " ind2=" " tag="043"><subfield code="a">n-us-md</subfield></datafield><datafield ind1="0" ind2="0" tag="050"><subfield code="a">Newspaper</subfield></datafield><datafield ind1="1" ind2="4" tag="050"><subfield code="a">AN196</subfield><subfield code="b">.B37</subfield></datafield><datafield ind1="0" ind2="0" tag="245"><subfield code="a">Bartgis's Maryland gazette, and Frederick-Town weekly advertiser.</subfield></datafield><datafield ind1="3" ind2="0" tag="246"><subfield code="a">Frederick-Town weekly advertiser</subfield></datafield><datafield ind1="3" ind2="0" tag="246"><subfield code="a">Maryland gazette, and Frederick-Town weekly advertiser</subfield></datafield><datafield ind1=" " ind2=" " tag="260"><subfield code="a">Frederick-Town, Md. :</subfield><subfield code="b">M. Bartgis</subfield></datafield><datafield ind1=" " ind2=" " tag="300"><subfield code="a">v.</subfield></datafield><datafield ind1=" " ind2=" " tag="310"><subfield code="a">Weekly</subfield></datafield><datafield ind1="0" ind2=" " tag="362"><subfield code="a">No. 1 (May 22, 1792)-</subfield></datafield><datafield ind1=" " ind2="0" tag="651"><subfield code="a">Frederick (Md.)</subfield><subfield code="v">Newspapers.</subfield></datafield><datafield ind1=" " ind2="0" tag="651"><subfield code="a">Frederick County (Md.)</subfield><subfield code="v">Newspapers.</subfield></datafield><datafield ind1=" " ind2="7" tag="655"><subfield code="a">Newspapers.</subfield><subfield code="2">fast</subfield><subfield code="0">(OCoLC)fst01423814</subfield></datafield><datafield ind1=" " ind2="7" tag="651"><subfield code="a">Maryland</subfield><subfield code="z">Frederick.</subfield><subfield code="2">fast</subfield><subfield code="0">(OCoLC)fst01206793</subfield></datafield><datafield ind1=" " ind2="7" tag="651"><subfield code="a">Maryland</subfield><subfield code="z">Frederick County.</subfield><subfield code="2">fast</subfield><subfield code="0">(OCoLC)fst01205637</subfield></datafield><datafield ind1=" " ind2=" " tag="752"><subfield code="a">United States</subfield><subfield code="b">Maryland</subfield><subfield code="c">Frederick</subfield><subfield code="d">Frederick.</subfield></datafield><datafield ind1="0" ind2="0" tag="780"><subfield code="t">Maryland gazette, and Frederick weekly advertiser</subfield><subfield code="w">(DLC)sn 85025330</subfield><subfield code="w">(OCoLC)11664867</subfield></datafield><datafield ind1="0" ind2="0" tag="785"><subfield code="t">Bartgis's federal gazette, or, The Frederick-town and County, weekly advertiser</subfield><subfield code="w">(DLC)sn 85026957</subfield><subfield code="w">(OCoLC)12823545</subfield></datafield></record>